@article{armand07,
	title = {Off-line Signature Verification Using an Enhanced Modified Direction Feature with Single and Multi-classifier Approaches},
	author = {Armand, Stephane and Blumenstein, Michael Myer and Muthukkumarasamy, Vallipuram},
	year = {2007},
	institution = {ARROW Discovery Service [http://search.arrow.edu.au/apps/ArrowUI/OAIHandler] (Australia)}}
	
	
@article{blumenstein03,
	author = {M. Blumenstein and B. Verma and H. Basli},
	title = {A Novel Feature Extraction Technique for the Recognition of Segmented Handwritten Characters},
	journal ={Document Analysis and Recognition, International Conference on},
	volume = {1},
	isbn = {0-7695-1960-1},
	year = {2003},
	pages = {137},
	publisher = {IEEE Computer Society},
	address = {Los Alamitos, CA, USA},
}


@article{gader97, 
title={Handwritten word recognition with character and inter-character neural networks.}, 
volume={27}, 
number={1}, 
journal={IEEE transactions on systems man and cybernetics Part B Cybernetics a publication of the IEEE Systems Man and Cybernetics Society},
author={Gader, P D and Mohamed, M and Chiang, J H}, year={1997}, pages={158-164}
}

@article{SAMUEL2010,
author = {SAMUEL, D. and SAMUEL, I.},
journal = {International Journal of Engineering Science and Technology},
keywords = {euclidean distance model,feature extraction,off-line signature verification},
number = {7},
pages = {3137--3143},
title = {{NOVEL FEATURE EXTRACTION TECHNIQUE FOR OFF-LINE SIGNATURE VERIFICATION SYSTEM}},
url = {http://www.ijest.info/docs/IJEST10-02-07-99.pdf},
volume = {2},
year = {2010}
}

@article{Majhi2006,
author = {Majhi, Banshider and Reddy, Y Santhosh and Babu, D Prasanna},
journal = {International Journal},
keywords = {euclidean distance model,feature extraction,geometric center,standard de-,verification,viation and off-line signature},
number = {1},
pages = {17--24},
title = {{Novel Features for Off-line Signature Verification}},
volume = {I},
year = {2006}
}
